@misc { raspi,
	title = {{Raspberry Pi} Embedded Devices},
	howpublished = {\url{https://www.raspberrypi.org/products/raspberry-pi-2-model-b/}},
}

@misc { esp8266,
	title = {{ESP8266} Wifi module},
	howpublished = {\url{https://www.tindie.com/products/hbouzas/general-purpose-wifi-control-board-x4/}},
}

@misc { tftlcd,
	title = {{TFTLCD} Pi display},
	howpublished = {\url{http://www.adafruit.com/products/1774}},
}

@misc { relay,
	title = {{Relay} 10A relay board},
	howpublished = {\url{https://www.electronickits.com/4-channel-auto-roll-rf-relay-board-assembled/}},
}

@misc { yocto,
	title = {{Yocto Project} Yocto build server},
	howpublished = {\url{https://www.electronickits.com/4-channel-auto-roll-rf-relay-board-assembled/}},
}

@misc { lua,
	title = {{Lua} Lua scripting language},
	howpublished = {\url{http://www.lua.org/}},
}

@misc { flask,
	title = {{Flask} Flask Python microframework},
	howpublished = {\url{http://flask.pocoo.org/}},
}

@misc { nginx,
	title = {{NGINX} NGINX web server},
	howpublished = {\url{https://www.nginx.com/resources/wiki/}},
}

@misc { python,
	title = {{Python} Python Documentation},
	howpublished = {\url{https://docs.python.org/}},
}

@misc { sqlalchemy,
	title = {{SqlAlchemy} SqlAlchemy Documentation},
	howpublished = {\url{http://docs.sqlalchemy.org/}},
}

@misc { flaskmega,
	title = {{Flask Mega} The Flask Mega-Tutorial},
	howpublished = {\url{http://blog.miguelgrinberg.com/post/the-flask-mega-tutorial-part-i-hello-world/}},
}

@misc { bootstrap,
	title = {{Bootstrap} Bootstrap Documentation},
	howpublished = {\url{http://getbootstrap.com/}},
}

@misc { bootstrapswitch,
	title = {{Bootstrap Switch} Bootstrap Switch Documentation},
	howpublished = {\url{http://bootstrap-switch.org/}},
}

@misc { jquery,
	title = {{Jquery} Jquery Documentation},
	howpublished = {\url{http://api.jquery.com/}},
}

@misc { firmwaregithub,
	title = {{Firmware Github} Firmware Framework on Github},
	howpublished = {\url{http://github.com/nodemcu/nodemcu-firmware/}},
}