@misc { raspi,
	title = {{Raspberry Pi} Embedded Devices},
	howpublished = {\url{https://www.raspberrypi.org/products/raspberry-pi-2-model-b/}},
}

@misc { esp8266,
	title = {{ESP8266} Wifi module},
	howpublished = {\url{https://www.tindie.com/products/hbouzas/general-purpose-wifi-control-board-x4/}},
}

@misc { tftlcd,
	title = {{TFTLCD} Pi display},
	howpublished = {\url{http://www.adafruit.com/products/1774}},
}
